% EDIT 2020-12-11:Thanks to Annica for the update of the bib-file
@MISC{autonomousHistory,
    author = {A WIRED},
    title = {A Brief History of Autonomous Vehicle Technology},
    url = {https://www.wired.com/brandlab/2016/03/a-brief-history-of-autonomous-vehicle-technology/}
}

@MISC{metaverseHistory,
    title = {Explained: The history of metaverse},
    url = {https://www.cnbctv18.com/technology/explained-the-history-of-metaverse-12015212.htm}
}

@MISC{autonomousSensor,
    title = {Sensor fusion – key components for autonomous driving - Blickfeld},
    url = {https://www.blickfeld.com/blog/sensor-fusion-for-autonomous-driving/}
}

@MISC{metaverseSensor,
    title = {LIDAR and the Metaverse | Voyant Photonics: Revolutionizing Machine Perception},
    url = {https://voyantphotonics.com/lidar-and-the-metaverse/}
}

@MISC{ARIMU,
    author = {Peter Riendeau},
    title = {Sensors for AR/VR},
    url = {https://augmentedrealitymarketing.pressbooks.com/chapter/sensors-for-arvr/}
}

@MISC{metaverseChallenge,
    title = {7 Challenges of The Metaverse},
    url = {https://lucidrealitylabs.com/blog/7-challenges-of-the-metaverse}
}

@MISC{autonomousIMU,
    author = {Tuomas Sauliala},
    title = {Inertial Measurement Units for localization and navigation of autonomous vehicles - Sensible 4},
    url = {https://sensible4.fi/2021/07/21/imu-and-autonomous-vehicles/}
}

@MISC{autonomousFuture,
    author = {Expert Panel®},
    title = {Council Post: 14 Tech Experts Predict Exciting Future Features Of Driverless Cars
},
    url = {https://www.forbes.com/sites/forbestechcouncil/2021/08/31/14-tech-experts-predict-exciting-future-features-of-driverless-cars/?sh=42ee474c719e}
}

@MISC{metaverseFuture1,
    author = {Gary Fowler},
    title = {Council Post: The Future Of Work And Society In The Metaverse},
    url = {https://www.forbes.com/sites/forbesbusinessdevelopmentcouncil/2021/11/15/the-future-of-work-and-society-in-the-metaverse/?sh=35c3914977e4}
}

@MISC{metaverseFuture2,
    title = {What Is the Metaverse? The Future of the Internet Explained | Digital Trends},
    url = {https://www.digitaltrends.com/computing/what-is-the-metaverse-the-future-of-the-internet-explained/}
}
}